% This file was created with JabRef 2.6.
% Encoding: Cp1252

@MISC{IBM,
  author = {IBM},
  howpublished = {http://www.ibm.com/fr/fr/},
  crossref = {1},
  owner = {Nicolas},
  timestamp = {2011.11.29}
}

@MISC{Wikipaedia,
  author = {Wikipaedia},
  title = {IBM},
  howpublished = {http://en.wikipedia.org/wiki/IBM},
  owner = {Nicolas},
  timestamp = {2011.11.29}
}

