% This file was created with JabRef 2.6.
% Encoding: Cp1252

@MISC{IBM,
  author = {IBM},
  howpublished = {http://www.ibm.com/fr/fr/},
  crossref = {1},
  owner = {Nicolas},
  timestamp = {2011.11.29}
}

@ARTICLE{,
  author = {J. Baumgartner - T. Heyman},
  title = {AN OVERVIEW AND APPLICATION OF MODEL REDUCTION TECHNIQUES IN
	
	FORMAL VERIFICATION},
  journal = {IBM},
  year = {1998},
  pages = {7},
  owner = {Nicolas},
  timestamp = {2011.12.01},
  url = {http://dl.acm.org/citation.cfm?id=643514&CFID=55992512&CFTOKEN=83185337}
}

@MISC{IBMa,
  author = {IBM},
  title = {IBM research},
  howpublished = {http://www.research.ibm.com/about/},
  owner = {Nicolas},
  timestamp = {2011.12.01}
}

@MISC{IBMb,
  author = {IBM},
  title = {IBM POWER},
  howpublished = {http://en.wikipedia.org/wiki/IBM\_POWER},
  owner = {Nicolas},
  timestamp = {2011.12.02}
}

@MISC{IBMc,
  author = {IBM},
  title = {Formal Verification and Testing Technologies},
  howpublished = {https://www.research.ibm.com/haifa/projects/verification/Formal\_Methods-Home/index.html},
  owner = {Nicolas},
  timestamp = {2011.12.02}
}

@MISC{IBMd,
  author = {IBM},
  title = {RuleBase},
  howpublished = {https://www.research.ibm.com/haifa/projects/verification/RB\_Homepage/},
  owner = {Nicolas},
  timestamp = {2011.12.02}
}

@ARTICLE{SHOHAMBEN-DAVID2003,
  author = {SHOHAM BEN-DAVID, CINDY EISNER, DANIEL GEIST AND YARON WOLFSTHAL},
  title = {Model Checking at IBM},
  year = {2003},
  owner = {Nicolas},
  timestamp = {2011.12.01},
  url = {http://www.cs.cmu.edu/afs/cs/Web/People/tamirh/cav99_l1l2.pdf}
}

@MISC{Wikipaedia,
  author = {Wikipaedia},
  title = {IBM},
  howpublished = {http://en.wikipedia.org/wiki/IBM},
  owner = {Nicolas},
  timestamp = {2011.11.29}
}

